@book{Fuller1976,
  author = {W.A. Fuller},
  title = {Introducton to Statistical Time Series},
  year = {1976},
  publisher = {John Wiley and Sons, New York},
}

@article{DF1979, 
  author = {D.A. Dickey and W.A. Fuller}, 
  year = {1979}, 
  title = {Distribution of the estimators for autoregressive time series with a unit root}, 
  journal = {Journal of the American Statistical Association}, 
  volume = {74}, 
  pages = {427 - 431},
}

@article{DF1981, 
  author = {D.A. Dickey and W.A. Fuller}, 
  year = {1981}, 
  title = {Likelihood ratio statistics for autoregressive time series with a unit root}, 
  journal = {Econometrica}, 
  volume = {49}, 
  pages = {1057 - 1072},
}